
@article{bertsekas_incremental_2015,
  title = {Incremental {{Aggregated Proximal}} and {{Augmented Lagrangian Algorithms}}},
  url = {http://arxiv.org/abs/1509.09257},
  author = {Bertsekas, Dimitri P.},
  date = {2015-09-30},
  keywords = {Computer Science - Systems and Control,Mathematics - Optimization and Control},
  eprinttype = {arxiv},
  eprint = {1509.09257}
}

@incollection{defazio_saga_2014,
  title = {{{SAGA}}: {{A Fast Incremental Gradient Method With Support}} for {{Non-Strongly Convex Composite Objectives}}},
  url = {http://papers.nips.cc/paper/5258-saga-a-fast-incremental-gradient-method-with-support-for-non-strongly-convex-composite-objectives.pdf},
  shorttitle = {{{SAGA}}},
  booktitle = {Advances in {{Neural Information Processing Systems}} 27},
  author = {Defazio, Aaron and Bach, Francis and Lacoste-Julien, Simon},
  date = {2014},
  pages = {1646--1654}
}

@incollection{harikandeh_stop_2015,
  title = {Stop {{Wasting My Gradients}}: {{Practical SVRG}}},
  url = {http://papers.nips.cc/paper/5711-stopwasting-my-gradients-practical-svrg.pdf},
  shorttitle = {{{StopWasting My Gradients}}},
  booktitle = {Advances in {{Neural Information Processing Systems}} 28},
  author = {Harikandeh, Reza and Ahmed, Mohamed Osama and Virani, Alim and Schmidt, Mark and Konečný, Jakub and Sallinen, Scott},
  date = {2015},
  pages = {2251--2259}
}

@incollection{lin_universal_2015,
  title = {A {{Universal Catalyst}} for {{First-Order Optimization}}},
  url = {http://papers.nips.cc/paper/5928-a-universal-catalyst-for-first-order-optimization.pdf},
  booktitle = {Advances in {{Neural Information Processing Systems}} 28},
  author = {Lin, Hongzhou and Mairal, Julien and Harchaoui, Zaid},
  date = {2015},
  pages = {3384--3392}
}

@article{schmidt_minimizing_2013,
  title = {Minimizing {{Finite Sums}} with the {{Stochastic Average Gradient}}},
  author = {Schmidt, Mark and Roux, Nicolas Le and Bach, Francis},
  date = {2013-09-10},
  keywords = {Computer Science - Learning,Mathematics - Optimization and Control,Statistics - Computation,Statistics - Machine Learning},
  eprinttype = {arxiv},
  eprint = {1309.2388}
}

@incollection{johnson_accelerating_2013,
  title = {Accelerating {{Stochastic Gradient Descent}} using {{Predictive Variance Reduction}}},
  url = {http://papers.nips.cc/paper/4937-accelerating-stochastic-gradient-descent-using-predictive-variance-reduction.pdf},
  booktitle = {Advances in {{Neural Information Processing Systems}} 26},
  author = {Johnson, Rie and Zhang, Tong},
  date = {2013},
  pages = {315--323}
}
@incollection{reshad_matrix_2015,
  title = {Matrix Manifold Optimization for Gaussian Mixtures},
  author = {Hosseini, Reshad and Sra, Suvrit},
  booktitle = {Advances in Neural Information Processing Systems 28},
  pages = {910--918},
  year = {2015},
  url = {http://papers.nips.cc/paper/5812-matrix-manifold-optimization-for-gaussian-mixtures.pdf}
}
@inproceedings{nitanda2014stochastic,
  title={Stochastic proximal gradient descent with acceleration techniques},
  author={Nitanda, Atsushi},
  booktitle={Advances in Neural Information Processing Systems},
  pages={1574--1582},
  year={2014},
  url={https://papers.nips.cc/paper/5610-stochastic-proximal-gradient-descent-with-acceleration-techniques.pdf}
}
@article{bianchi2014coordinate,
  title={A Coordinate Descent Primal-Dual Algorithm and Application to Distributed Asynchronous Optimization},
  author={Bianchi, Pascal and Hachem, Walid and Iutzeler, Franck},
  year={2014},
  publisher={IEEE},
  eprinttype = {arxiv},
  eprint = {1407.0898}
}
@article{nemirovski2009robust,
  title={Robust stochastic approximation approach to stochastic programming},
  author={Nemirovski, Arkadi and Juditsky, Anatoli and Lan, Guanghui and Shapiro, Alexander},
  journal={SIAM Journal on Optimization},
  volume={19},
  number={4},
  pages={1574--1609},
  year={2009},
  publisher={SIAM},
  url={http://www.eecs.berkeley.edu/~brecht/cs294docs/week1/09.Nemirovski.pdf}
}
@article{konevcny2014ms2gd,
  title={ms2gd: Mini-batch semi-stochastic gradient descent in the proximal setting},
  author={Kone{\v{c}}n{\`y}, Jakub and Liu, Jie and Richt{\'a}rik, Peter and Tak{\'a}{\v{c}}, Martin},
  journal={arXiv preprint arXiv:1410.4744},
  year={2014}
}
@article{lee2015distributed,
  title={Distributed Stochastic Variance Reduced Gradient Methods},
  author={Lee, Jason and Ma, Tengyu and Lin, Qihang},
  journal={arXiv preprint arXiv:1507.07595},
  year={2015}
}